<?xml version="1.0" encoding="UTF-8"?><collection xmlns="http://www.loc.gov/MARC21/slim"><record><leader>00476nam--2200193-u-4500</leader><controlfield tag="001">000052905</controlfield><controlfield tag="002">20161230</controlfield><controlfield tag="005">20161230201050</controlfield><controlfield tag="008">101126s1000------------r-----000-0-rus-d</controlfield><datafield ind1=" " ind2=" " tag="040"><subfield code="a">IFIN-HH</subfield></datafield><datafield ind1=" " ind2=" " tag="041"><subfield code="a">rus</subfield></datafield><datafield ind1=" " ind2=" " tag="080"><subfield code="a">535</subfield></datafield><datafield ind1="1" ind2=" " tag="100"><subfield code="a">Landsberg, G.S</subfield></datafield><datafield ind1="1" ind2="0" tag="245"><subfield code="a">Optika</subfield><subfield code="c">G.s. landsberg</subfield></datafield><datafield ind1=" " ind2=" " tag="260"><subfield code="a">Moskva</subfield><subfield code="b">Tehniko-teoreticeskoi Literaturi</subfield><subfield code="c">1957</subfield></datafield><datafield ind1=" " ind2=" " tag="300"><subfield code="a">759P</subfield></datafield><datafield ind1=" " ind2=" " tag="490"><subfield code="a">Obshii Kurs Fiziki</subfield><subfield code="v">Tom Iii</subfield></datafield><datafield ind1=" " ind2=" " tag="852"><subfield code="a">76497</subfield><subfield code="c">535</subfield></datafield><datafield ind1=" " ind2=" " tag="CAT"><subfield code="a">Sys</subfield><subfield code="c">20101126</subfield><subfield code="h">134214</subfield></datafield></record></collection>